<?xml version="1.0" encoding="UTF-8"?>
<collection xmlns:marc="http://www.loc.gov/MARC21/slim"
            xmlns:xsi="http://www.w3.org/2001/XMLSchema-instance"
            xmlns="http://www.loc.gov/MARC21/slim"
            xsi:schemaLocation="http://www.loc.gov/standards/marcxml/schema/MARC21slim.xsd">
   <record>
      <controlfield tag="001"/>
      <controlfield tag="003">UkWE </controlfield>
      <datafield tag="041" ind1="0" ind2=" ">
         <subfield code="a">ar</subfield>
      </datafield>
      <datafield tag="096" ind1=" " ind2=" ">
         <subfield code="a">Gg. 5.33</subfield>
      </datafield>
      <datafield tag="245" ind1="1" ind2="0">
         <subfield code="a">The four Gospels</subfield>
         <subfield code="h">[manuscript].</subfield>
      </datafield>
      <datafield tag="260" ind1=" " ind2=" ">
         <subfield code="a">[n.l.]</subfield>
         <subfield code="c">988</subfield>
      </datafield>
      <datafield tag="300" ind1=" " ind2=" ">
         <subfield code="a">
                           
                           
                        </subfield>
      </datafield>
      <datafield tag="500" ind1=" " ind2=" ">
         <subfield code="a">Material: chart</subfield>
      </datafield>
      <datafield tag="500" ind1=" " ind2=" ">
         <subfield code="a">Format: codex</subfield>
      </datafield>
      <datafield tag="500" ind1=" " ind2=" ">
         <subfield code="a">Handwriting: </subfield>
      </datafield>
      <datafield tag="506" ind1=" " ind2=" ">
         <subfield code="a">Entry to read in the Library is permitted only on presentation of a valid
                           reader's card for admissions procedures contact Cambridge
                              University Library Admissions). Contact
                              near_eastern@lib.cam.ac.uk for further information on
                           the availability of this manuscript</subfield>
      </datafield>
      <datafield tag="510" ind1=" " ind2=" ">
         <subfield code="a">"Manuscript description based on E. G. Browne: A hand-list of the
                           Muhammadan manuscripts, including all those written in the Arabic
                           character, preserved in the Library of the University of Cambridge.
                           Cambridge, 1900", abbreviated by the OCIMCO project team.</subfield>
      </datafield>
      <datafield tag="520" ind1=" " ind2=" ">
         <subfield code="a"> 1 copy of The four Gospels </subfield>
      </datafield>
      <datafield tag="650" ind1=" " ind2=" ">
         <subfield code="a">Bible. N.T.</subfield>
      </datafield>
   </record>
</collection>
